<record><leader>00000cas a22000007a 4500</leader><controlfield tag="001">16896479</controlfield><controlfield tag="008">871026d18731884ohuwr ne      0   a0eng d</controlfield><datafield ind1=" " ind2=" " tag="010"><subfield code="a">sn 87075167 </subfield></datafield><datafield ind1=" " ind2=" " tag="040"><subfield code="a">ONP</subfield><subfield code="b">eng</subfield><subfield code="c">ONP</subfield><subfield code="d">OCLCQ</subfield><subfield code="d">DLC</subfield><subfield code="d">OCLCF</subfield></datafield><datafield ind1="0" ind2=" " tag="022"><subfield code="a">2330-7218</subfield><subfield code="2">1</subfield></datafield><datafield ind1=" " ind2=" " tag="042"><subfield code="a">msc</subfield><subfield code="a">nsdp</subfield></datafield><datafield ind1=" " ind2=" " tag="043"><subfield code="a">n-us-oh</subfield></datafield><datafield ind1="0" ind2="0" tag="050"><subfield code="a">Newspaper</subfield></datafield><datafield ind1="0" ind2="0" tag="082"><subfield code="a">071</subfield><subfield code="2">23</subfield></datafield><datafield ind1=" " ind2="4" tag="222"><subfield code="a">The McArthur enquirer</subfield><subfield code="b">(Print)</subfield></datafield><datafield ind1="0" ind2="4" tag="245"><subfield code="a">The McArthur enquirer.</subfield></datafield><datafield ind1=" " ind2=" " tag="260"><subfield code="a">M'arthur, Vinton County, Ohio :</subfield><subfield code="b">J.W. Bowen,</subfield><subfield code="c">1873-1884.</subfield></datafield><datafield ind1=" " ind2=" " tag="310"><subfield code="a">Weekly</subfield></datafield><datafield ind1="0" ind2=" " tag="362"><subfield code="a">Vol. 7, no. 2 (Jan. 22, 1873)-v. 18, no. 2 (Jan. 9, 1884).</subfield></datafield><datafield ind1=" " ind2=" " tag="530"><subfield code="a">Archived issues are available in digital format as part of the Library of Congress Chronicling America online collection.</subfield></datafield><datafield ind1=" " ind2="0" tag="651"><subfield code="a">McArthur (Ohio)</subfield><subfield code="v">Newspapers.</subfield></datafield><datafield ind1=" " ind2="7" tag="655"><subfield code="a">Newspapers.</subfield><subfield code="2">fast</subfield><subfield code="0">(OCoLC)fst01423814</subfield></datafield><datafield ind1=" " ind2="7" tag="651"><subfield code="a">Ohio</subfield><subfield code="z">McArthur.</subfield><subfield code="2">fast</subfield><subfield code="0">(OCoLC)fst01269919</subfield></datafield><datafield ind1=" " ind2=" " tag="752"><subfield code="a">United States</subfield><subfield code="b">Ohio</subfield><subfield code="c">Vinton</subfield><subfield code="d">McArthur.</subfield></datafield><datafield ind1="0" ind2="8" tag="776"><subfield code="i">Online version:</subfield><subfield code="t">McArthur enquirer (Online)</subfield><subfield code="x">2330-7226</subfield><subfield code="w">(DLC)  2013218943</subfield><subfield code="w">(OCoLC)857139211</subfield></datafield><datafield ind1="0" ind2="0" tag="780"><subfield code="t">Democratic enquirer (McArthur, Ohio : 1867)</subfield><subfield code="x">2330-6203</subfield><subfield code="w">(DLC)sn 86079037</subfield><subfield code="w">(OCoLC)13096692</subfield></datafield><datafield ind1="0" ind2="7" tag="785"><subfield code="t">Vinton County Democrat</subfield><subfield code="w">(DLC)sn 87075168</subfield><subfield code="w">(OCoLC)16896483</subfield></datafield><datafield ind1="0" ind2="7" tag="785"><subfield code="t">McArthur Democrat-enquirer</subfield><subfield code="w">(DLC)sn 87075169</subfield><subfield code="w">(OCoLC)16896486</subfield></datafield><datafield ind1="4" ind2="1" tag="856"><subfield code="u">http://chroniclingamerica.loc.gov/lccn/sn87075167/issues</subfield></datafield></record>